<record><leader>00000cas a22000007a 4500</leader><controlfield tag="001">11312826</controlfield><controlfield tag="008">841026d19001924inuwr ne      0    0eng d</controlfield><datafield ind1=" " ind2=" " tag="010"><subfield code="a">sn 84045404 </subfield></datafield><datafield ind1=" " ind2=" " tag="040"><subfield code="a">NPI</subfield><subfield code="b">eng</subfield><subfield code="c">NPI</subfield><subfield code="d">OCLCQ</subfield></datafield><datafield ind1=" " ind2=" " tag="042"><subfield code="a">msc</subfield></datafield><datafield ind1="0" ind2="0" tag="245"><subfield code="a">Carroll County citizen-times.</subfield></datafield><datafield ind1=" " ind2=" " tag="260"><subfield code="a">Delphi, Ind. :</subfield><subfield code="b">A.B. Crampton,</subfield><subfield code="c">1900-1924.</subfield></datafield><datafield ind1=" " ind2=" " tag="310"><subfield code="a">Weekly</subfield></datafield><datafield ind1="0" ind2=" " tag="362"><subfield code="a">Vol. 52, no. 15 (June 23, 1900)-v. 76, no. 52 (Feb. 23, 1924).</subfield></datafield><datafield ind1=" " ind2=" " tag="752"><subfield code="a">United States</subfield><subfield code="b">Indiana</subfield><subfield code="c">Carroll</subfield><subfield code="d">Delphi.</subfield></datafield><datafield ind1="0" ind2="4" tag="780"><subfield code="t">Carroll County citizen</subfield><subfield code="w">(DLC)sn 86058958</subfield></datafield><datafield ind1="0" ind2="4" tag="780"><subfield code="t">Delphi times (Delphi, Ind. : 1899)</subfield><subfield code="w">(DLC)sn 87055251</subfield></datafield><datafield ind1="0" ind2="0" tag="785"><subfield code="t">Delphi citizen (Delphi, Ind. : 1924)</subfield><subfield code="w">(DLC)sn 84045405</subfield><subfield code="w">(OCoLC)11312895</subfield></datafield></record>